%--------------------------------------------------------------------------------------------
% UNISOCIESC - CENTRO UNIVERSITÁRIO SOCIESC
% Modelo Padrão para trabalho de conclusão de curso
%
% Autor: Profº MEng. Alcir Mário Trainotti Filho
% Data última atualização: 28/05/2014
%--------------------------------------------------------------------------------------------
% Base bibliográfica do TCC
%--------------------------------------------------------------------------------------------

@book{Trainotti2014,
  author = {Alcir Mário Trainotti Filho},
  editor = {UNISOCIESC},
  title = {Modelo \latex de trabalho de conclusão de curso},
  publisher = {UNISOCIESC},
  year = {2014}
}

@book{NonakaTakeuchi1997,
  author = {Ikujiro Nonaka and Hirotaka Takeuchi},
  title = {Criação do conhecimento na empresa: Como as empresas japonesas geram a dinâmica da inovação},
  year = {1997},
  publisher = {Campus},
  address = {Rio de Janeiro}
}

@book{DevenportPrusak1998,
  author = {Thomas H. Davenport and Laurence Prusak},
  title = {Conhecimento Empresarial: como as organizações gerenciam o seu capital intelectual},
  year = {1998},
  publisher = {Campus},
  address = {Rio de Janeiro}
}

@book{Sveiby1998,
  author = {Karl E. Sveiby},
  title = {A nova riqueza das organizações: Gerenciando e avaliando patrimônios de conhecimento},
  year = {1998},
  publisher = {Campus},
  address = {Rio de Janeiro}
}

@misc{Bartol2002,
  author = {K. M. Barton and S. Abhishek},
  title = {Encouraging knowledge sharing: The role of organization rewards systems},
  howpublished = {Journal of leadership and organization studies},
  year = {2002}
}

@misc{Gagne2009,
  author = {M. Gagné},
  title = {A model of knowledge-sharing motivation},
  howpublished = {Human Resource Management, v. 48, p. 571-589},
  year = {2009}
}

@misc{Imani2007,
  author = {Y. Imani},
  title = {Knowledge creation, business and art: Exploring the contraditions and commonalities},
  howpublished = {Journal of visual art practice},
  year = {2007}
}

@misc{Internet2014,
  author = {Referência Internet},
  title = {Referência Internet},
  year = {2014},
  note = {Disponível em: <http://wwwportugalweb.pt. Acesso em: 25 jun. 2013},
}

@misc{AutorDesconhecido2014,
  author = {Autor desconhecido},
  title = {Não sei},
  year = {2014},
  note = {Disponível em: <http://wwwportugalweb.pt>. Acesso em: 25 jun. 2013},
}

@book{Newman2015,
  author = {Sam	Newman},
  title = {Building Microservices},
  year = {2015},
  publisher = {O’Reilly Media},
  address = {Sebastopol, CA. United States of America}
}

@book{Erl2008,
  author = {Thomas Erl},
  title = {SOA: Priciples of Service Design},
  year = {2008},
  publisher = {Pearson Education},
  address = {Boston, MA. United States of America}
}

@misc{Namiot2014,
  author = {Dmitry Namiot and Manfred Sneps-Sneppe},
  title = {On Micro-Services Architecture},
  howpublished = {International Journal of Open Information Technologies},
  year = {2014},
}

@misc{Haupt1999,
  author = {Tomasz Haupt, Erol Akarsu, Geoffrey Fox, Alexey Kalinichenko, Kang-Seok Kim, Praveen Sheethalnath and Choon-Han Youn},
  title = {The Gateway System: Uniform Web Based Access to Remote Resources},
  howpublished = {Northeast Parallel Architecture Center at Syracuse University},
  year = {1999},
}

@misc{Ignacio2009,
  author = {José Ignacio Fernández-Villamor, Carlos Á. Iglesias and Mercedes Garijo},
  title = {Microservices: Lightweight service descriptions for REST architectural style},
  howpublished = {Departamento de Ingenierı́a de Sistemas Telemáticos, Universidad Politécnica de Madrid},
  year = {2009},
}
